<?xml version="1.0" encoding="UTF-8"?><collection xmlns="http://www.loc.gov/MARC21/slim"><record><leader>00519nam--2200181-i-4500</leader><controlfield tag="001">000028230</controlfield><controlfield tag="002">20161230</controlfield><controlfield tag="005">20161230201037</controlfield><controlfield tag="008">060222s1000------------r-----000-0-fre-d</controlfield><datafield ind1=" " ind2=" " tag="040"><subfield code="a">IFIN-HH</subfield></datafield><datafield ind1=" " ind2=" " tag="041"><subfield code="a">fre</subfield></datafield><datafield ind1=" " ind2=" " tag="080"><subfield code="a">539.23(043)</subfield></datafield><datafield ind1="1" ind2=" " tag="100"><subfield code="a">Le Bas, Jean</subfield></datafield><datafield ind1="1" ind2="0" tag="245"><subfield code="a">Proprietes des couches minces de nickel etudiees sous ultra vide. electrogenese, resistivite, effet mall</subfield><subfield code="b">These</subfield><subfield code="c">Jan le bas</subfield></datafield><datafield ind1=" " ind2=" " tag="260"><subfield code="a">Rouen</subfield><subfield code="b">Universite</subfield><subfield code="c">1971</subfield></datafield><datafield ind1=" " ind2=" " tag="300"><subfield code="a">218P</subfield></datafield><datafield ind1=" " ind2=" " tag="852"><subfield code="a">76968</subfield><subfield code="c">539.23</subfield></datafield><datafield ind1=" " ind2=" " tag="CAT"><subfield code="a">Sys</subfield><subfield code="c">20121219</subfield><subfield code="h">135212</subfield></datafield></record></collection>